@unpublished{babaiGraphIsomorphismQuasipolynomial2016,
    title = {Graph {{Isomorphism}} in {{Quasipolynomial Time}}},
    author = {L\'aszl\'o Babai},
    url = {http://arxiv.org/abs/1512.03547},
    urldate = {2022-02-23},
    date = {2016-01-19},
    shortjournal = {ArXiv151203547 Cs Math},
    eprint = {1512.03547},
    eprinttype = {arxiv},
    primaryclass = {cs, math},
    archiveprefix = {arXiv},
}
@article{childsUniversalComputationQuantum2009,
    title = {Universal Computation by Quantum Walk},
    author = {Andrew M. Childs},
    volume = 102,
    number = 18,
    pages = 180501,
    doi = {10.1103/PhysRevLett.102.180501},
    issn = {0031-9007, 1079-7114},
    url = {http://arxiv.org/abs/0806.1972},
    urldate = {2020-11-30},
    date = {2009-05-04},
    journaltitle = {Physical Review Letters},
    shortjournal = {Phys. Rev. Lett.},
    archiveprefix = {arXiv},
    eprint = {0806.1972},
    eprinttype = {arxiv},
    langid = {english},
}
@book{kitaev2002classical,
    title = {Classical and quantum computation},
    author = {Alexei Yu Kitaev and Alexander Shen and Mikhail N Vyalyi and
              Mikhail N Vyalyi},
    year = 2002,
    publisher = {American Mathematical Soc.},
    number = 47,
    isbn = {978-082-183-2-2-9-5},
}
